<?xml version="1.0" encoding="UTF-8"?><record xmlns="http://www.loc.gov/MARC21/slim" xmlns:cinclude="http://apache.org/cocoon/include/1.0" xmlns:zs="http://www.loc.gov/zing/srw/">
  <leader>00534cz  a2200169n  4500</leader>
  <controlfield tag="001">no 99002982 </controlfield>
  <controlfield tag="003">DLC</controlfield>
  <controlfield tag="005">20111201075133.0</controlfield>
  <controlfield tag="008">990115n| acannaabn          |a aaa      </controlfield>
  <datafield tag="010" ind1=" " ind2=" ">
    <subfield code="a">no 99002982 </subfield>
  </datafield>
  <datafield tag="035" ind1=" " ind2=" ">
    <subfield code="a">(OCoLC)oca04897640</subfield>
  </datafield>
  <datafield tag="040" ind1=" " ind2=" ">
    <subfield code="a">DLC-ON</subfield>
    <subfield code="b">eng</subfield>
    <subfield code="c">DLC-ON</subfield>
    <subfield code="d">NNU</subfield>
    <subfield code="d">OCoLC</subfield>
    <subfield code="d">DLC</subfield>
  </datafield>
  <datafield tag="053" ind1=" " ind2="0">
    <subfield code="a">PL4718.9.J5759</subfield>
  </datafield>
  <datafield tag="100" ind1="0" ind2=" ">
    <subfield code="a">Jōrj</subfield>
  </datafield>
  <datafield tag="500" ind1="0" ind2=" ">
    <subfield code="a">George</subfield>
  </datafield>
  <datafield tag="670" ind1=" " ind2=" ">
    <subfield code="a">Svkāryakkurippukaḷ, 1998:</subfield>
    <subfield code="b">t.p. (Jōrj) t.p. verso (George)</subfield>
  </datafield>
  <datafield tag="670" ind1=" " ind2=" ">
    <subfield code="a">Śarīragītaṅṅaḷ, 2011:</subfield>
    <subfield code="b">t.p. (Jōrj) p. 1 (b. Oct. 10, 1953 at Trivandrum, India)</subfield>
  </datafield>
</record>